
@Book{Adam2011,
	author = {E. J. Adam},
	title = {Instrumentaci\'on y Control de Procesos. Notas de Clase},
	publisher = {Ediciones UNL, ISBN 978-987-657-284-2},
	year = {2011}
}

@Book{Adam2014,
	author = {E. J. Adam},
	title = {Instrumentaci\'on y Control de Procesos. Notas de Clase},
	publisher = {Ediciones UNL, ISBN 978-987-657-941-4},
	year = {2014}
}

@Book{Adam2018,
	author = "E. J. Adam",
	title = "Instrumentaci\'on y Control de Procesos. Notas de Clase",
	publisher = "Ediciones UNL, ISBN 978-987-749-122-7",
	edition = "3rd",
	isbn = "978-987-749-122-7",
	year = "2018"
}


@Book{Adam1996,
   author = {E. J. Adam},
   title = {Modelado, Simulaci'on y Control de Generadores de Vapor},
   publisher = {Tesis Doctoral, Facultad de Ingenier'ia Qu'imica, Universidad Nacional del Litoral},
   year = {1996}
}

@Article{AdamandMarchetti1999,
  author    = {E. J. Adam and J. L. Marchetti},
  title     = {Dynamic Simulation of Large Boilers with Natural Recirculation},
  journal   = {Comp. and. Chem. Eng.},
  volume    = {23},
  pages     = {1031--1040},
  year      = {1999}
}

@InProceedings{Adametal1999,
   author = {E. J. Adam and O. D. Crisalle and H. A. Latchman},
   title = {A New Approach for Evaluating the Robustness of the Smith Predictor},
   booktitle = {Annual Meeting of American Institute of Chemical Engineering - AIChE ’99},
   address = {Dallas, Texas, USA},
   month = {Nov. 1-3},
   year = {1999}
}

@InProceedings{Adametal2000a,
  author    = {E. J. Adam and O. D. Crisalle and H. A. Latchman},
  title     = {Robustness of the Smith Predictor with Respect to Uncertainty in the Time-Delay Parameter},
  booktitle = {American Control Conference},
  pages     = {1452--1457},
  year      = {2000}
}

@InProceedings{Adametal2000b,
   author = {E. J. Adam and O. D. Crisalle and H. A. Latchman},
   title = {An'alisis de la Robustez del Predictor de Smith con Incertidumbre Param'etrica},
   booktitle = {XVII Simposio Nacional de Control Autom'atico},
   pages     = {227--232},
   year = {2000}
}

@InProceedings{AdamandMarchetti2001a,
   author = {E. J. Adam and J. L. Marchetti},
   title = {Diseño de Controladores Feedforward Basándose en Propiedades de Robustez},
   booktitle = {IX Reunión de Trabajo en Procesamiento de la Información y Control - RPIC 2001},
   address = {Santa Fe, Santa Fe, Argentina},
   volume    = {1},
   month = {Sep. 12-14},
   pages     = {258--263},
   year = {2001}
}

@InProceedings{AdamandMarchetti2001b,
   author = {E. J. Adam and J. L. Marchetti},
   title = {Feedforward Controller Design Based on Hinf Analysis},
   booktitle = {1st  Mercosur Congress in Chemical Engineering and 3th Mercosur Congres on Process System Engineering - Enpromer},
   address = {Santa Fe, Santa Fe, Argentina},
   month = {Sep. 16-20},
   pages     = {271--276},
   year = {2001}
}

@InProceedings{Adametal2002a,
   author = {E. J. Adam and C. J. Valsecchi and E. D. Guestrin},
   title = {Ajuste de Controladores PID para Procesos Integradores con Retardo},
   booktitle = {XVIII Simposio Nacional de Control Automático, AADECA 2002},
   address = {Buenos Aires, Argentina. (versi'on en CD)},
   month = {Sep. 2-4},
   year = {2002}
}


@Article{AdamandMarchetti2004a,
  author    = {E. J. Adam and J. L. Marchetti},
  title     = {Designing and Tuning Robust Feedforward Controllers},
  journal   = {Ind. Eng. Chem. Res.},
  volume    = {28},
  number    = {9},
  pages     = {1899--1911},
  year      = {2004}
}

@InProceedings{Adametal2003,
  author    = {E. J. Adam and C. J. Valsecchi and E. D. Guestrin},
  title     = {Ajuste en-L\'inea de Controladores PID para Procesos Integradores con Retardo},
  booktitle = {X Reuni\'on de Trabajo en Procesamiento de la Informaci\'on y Control (RPIC 2003)},
  address   = {San Nicol\'as, Buenos Aires, Argentina},
  month     = {Sep. 2-4},
  volume    = {1},
  pages     = {594--599},
  year      = {2003}
}

@InProceedings{Adam2005,
  author    = {E. J. Adam},
  title     = {Iterative Learning Control Applied to Linear Batch Process},
  booktitle = {XI Reuni\'on de Trabajo en Procesamiento de la Informaci\'on y Control (RPIC 2005)},
  address   = {R\'io Cuarto, C\'ordoba, Argentina, (CD version)},
  month     = {Sep. 21-23},
  year      = {2007}
}

@InProceedings{Adam2006,
  author    = {E. J. Adam},
  title     = {Iterative Learning Control Applied to non Linear Batch Reactor},
  booktitle = {XX Congreso Argentino de Control Automático (AADECA 2006)},
  address   = {Buenos Aires, Argentina, (CD version)},
  month     = {Ago. 28-30},
  year      = {2006}
}

@InProceedings{AdamandValsecchi2006,
  author    = {E. J. Adam and C. J. Valsecchi},
  title     = {Multiloop Control Applied to Integrator MIMO Processes. A Preliminary Study},
  booktitle = {XII Interamerican Congress of Chemical Engineering - V Argentinian Congress of Chemical Engineering},
  address   = {Buenos Aires, Buenos Aires, Argentina, (CD version)},
  month     = {Oct. 1-4},
  issn      = {1850 3519},
  issn      = {1850 3535},
  year      = {2006}
}


@InProceedings{Adam2007,
  author    = {E. J. Adam},
  title     = {Adaptive Iterative Learning Control Applied to NonLinear Batch Reactor},
  booktitle = {XII Reuni\'on de Trabajo en Procesamiento de la Informaci\'on y Control (RPIC 2007)},
  address   = {ISBN: 978-987-1242-23-8, R\'io Gallegos, Santa Cruz, Argentina, (CD version)},
  month     = {Oct. 16-18},
  year      = {2007}
}


@inBook{AdamandGonzalez2012,
   author = {E. J. Adam and A. H. Gonz\'alez},
   title = {Frontiers in Advanced Control Systems},
   chapter = {Iterative Learning - MPC: an Alternative Strategy},
   publisher = {Intech Open Acess Publisher, ISBN 979-953-307-881-5},
   year = {2012}
}


@Article{AstromandHagglund1984,
  author    = {K. J. {\AA}str\"{o}m and T. H\"{a}gglund},
  title     = {Automatic Tuning of Simple Regulators with Specifications on Phase and Amplitude Margins},
  journal   = {Automatica},
  volume    = {20},
  pages     = {645--651},
  year      = {1984}
}


@Book{AstromandHagglund1988,
  author    = {K. J. {\AA}str\"{o}m and T. H\"{a}gglund},
  title     = {Automatic Tuning of PID Controllers},
  publisher = {Instrument Society of America},
  year      = {1988}
}

@Book{AstromandHagglund1995,
  author    = {K. J. {\AA}str\"{o}m and T. H\"{a}gglund},
  title     = {PID Controllers: Theory, Design and Tuning},
  publisher = {ISA - The Instrumentation, Systems, and Automation Society, Research Triangle Park, NC , second edition},
  year      = {1995}
}

@Book{AstromandHagglund2005,
  author    = {K. J. {\AA}str\"{o}m and T. H\"{a}gglund},
  title     = {Advanced PID Control},
  publisher = {ISA - The Instrumentation, Systems, and Automation Society, Research Triangle Park, NC 27709},
  year      = {2005}
}

@InProceedings{AstromandRundqwist1989,
   author = {K. J. {\AA}str\"{o}m and L. Rundqwist},
   title = {Integrator windup and how to avoid it},
   booktitle = {Proc. Am. Control Conf., Pittsburgh},
   pages     = {1693--1698},
   year = {1989}
}

@Book{AstromandWittenmark1984,
  author    = {K. J. {\AA}str\"{o}m and B. Wittenmark},
  title     = {Computer Controlled Systems. Theory and Design},
  publisher = {Prentice Hall},
  year      = {1984}
}

@Book{AstromandWittenmark1989,
  author    = {K. J. {\AA}str\"{o}m and B. Wittenmark},
  title     = {Adaptive Control},
  publisher = {Addison-Wesle, New York},
  year      = {1989}
}

@Book{AstromandWittenmark2008,
	author    = {K. J. {\AA}str\"{o}m and B. Wittenmark},
	title     = {Adaptive Control},
	edition   = {2nd.},
	publisher = {Addison-Wesle, New York},
	year      = {2008}
}

@Book{Bay1999,
	author    = {J. S. Bay},
	title     = {Fundamentals of Linear State Space Systems},
	publisher = { WCB/McGraw-Hill},
	year      = {1999}
}


@Book{BianchiniandMiami2008,
  author    = {F. Bianchini and S. Miami},
  title     = {Set-Theoretic Methods in Control},
  publisher = {Birkh\"{a}user, Berlin},
  year      = {2008}
}


@InProceedings{Boasovaetal2005,
   author = {M. Boasov'a and  D. Puma and A. M'esz'eros},
   title = {Robust Controller Design for Chemical Reactor},
   booktitle = {European Symposium Computer Aided Process Engineering-15},
   address = {Barcelona, Espa{\~n}a},
   month = {29 May - 1 June 2005},
   year = {2005}
}

@Article{Boger1966,
  author    = {H. W. Boger},
  title     = {Flow Characteristics for Control-Valve Installations},
  journal   = {ISA Journal},
  volume    = {},
  number    = {Nov.},
  pages     = {50--54},
  year      = {1966}
}

@Book{Bode1945,
  author    = {H. Bode},
  title     = {Network Analysis and Feedback Design},
  publisher = {New York: Van Nostrand Reinhold},
  year      = {1945}
}

@Book{Boydetal1994,
  author    = {S. Boyd and L. El Ghaoui and E. Feron and V. Balakrishnan},
  title     = {Linear Matrix Inequalities in Systems and Control Theory},
  publisher = {Society for Industrial and Applied Mathematics (SIAM)},
  year      = {1994}
}

@Book{CamachoandBordons1998,
  author    = {E. F. Camacho and C. Bordons},
  title     = {Model Predictive Control},
  publisher = {Springer},
  year      = {1998}
}


@Article{Bristol1966,
  author    = {E. H. Bristol},
  title     = {On a New Measure of Interactions for Multivariable Process Control},
  journal   = {IEEE Trans. on Auto. Control},
  number    = {AC-11},
  pages     = {133--},
  year      = {1966}
}

@Article{Chin1979,
  author    = {T. G. Chin},
  title     = {Guide to Distillation Pressure Control Methods},
  journal   = {Hydrocarbon Processing},
  number    = {10},
  pages     = {145--153},
  mounth    = {October},
  year      = {1979}
}


@Article{ChienandFruehauf1990,
  author    = {I. L. Chien and P. S. Fruehauf},
  title     = {Consider IMC Tuning to Improve Controller Performance},
  journal   = {Chem. Eng. Prog.},
  number    = {10},
  pages     = {33--41},
  year      = {1990}
}

@Article{Clark1992,
  author    = {R. N. Clark},
  title     = {The Routh-Hurwitz Stability Criterion Revisited},
  journal   = {IEEE Control Syst. Mag.},
  volume    = {12},
  number    = {2},
  pages     = {119--120},
  year      = {1992}
}

@InProceedings{CutlerandRamaker1980,
   author = {C. R. Cutler and B. L. Ramaker},
   title = {Dynamic Matrix Control – A Computer Control Algorithm},
   booktitle = {Joint of the Automatic Control Conference},
   address = {San Francisco CA , USA},
   month = {},
   year = {1980}
}

@Article{CohenandCoon1953,
  author    = {G. H. Cohen and G. A. Coon},
  title     = {Theoretical Consideration of Retarded Control},
  journal   = {Trans. ASME},
  volume    = {75},
  pages     = {827--834},
  year      = {1953}
}

@BOOK{eaton:2002,
       author =     {John W. Eaton},
       title =      {GNU Octave Manual},
       publisher =  {Network Theory Limited},
       year =       {2002},
       isbn =       {0-9541617-2-6}
}


@Article{Edgaretal1982,
  author    = {T. F. Edgar and R. C. Heeb and J. O. Hougen},
  title     = {Computer-aided Process Control System Design Using Iterative Graphics},
  journal   = {Comp. Chem. Eng.},
  volume    = {5},
  number    = {4},
  pages     = {225--},
  year      = {1982}
}

@Article{Evans1948,
  author    = {W. R. Evans},
  title     = {Graphical Analysis of Control System},
  journal   = {AIEE Trans Part II},
  volume    = {67},
  pages     = {547--551},
  year      = {1948}
}

@Article{Evans1950,
  author    = {W. R. Evans},
  title     = {Control System Synthesis by Root Locus Method},
  journal   = {AIEE Trans Part II},
  volume    = {69},
  pages     = {66--69},
  year      = {1950}
}

@Article{FertikandRoss1967,
  author    = {H. Fertik and C. Ross},
  title     = {Direct Digital Control with Anti-windup Feature},
  journal   = {ISA Trans.},
  volume    = {6},
  pages     = {317--328},
  year      = {1967}
}

@Book{Fischer2005,
   author = {Fischer},
   title = {Control Valve Handbook},
   publisher = {Fisher Controls International LLC},
   edition = {4th.},
   year = {2005}
}

@Article{Fortescueetal1981,
  author    = {T. R. Fortescue and L. S. Kershnbaum and B. E. Ydstie},
  title     = {Implementation of Regulators with Variable Forgetting Factors},
  journal   = {Automatica},
  volume    = {17},
  number    = {6},
  pages     = {831--835},
  year      = {1981}
}


@Book{Gahinetetal1995,
  author    = {P. Gahinet and A. Nemirovski and A. J. Laub and M. Chilali},
  title     = {Matlab, LMIs Toolbox (version 1)},
  publisher = {The Mathworks Inc.},
  year      = {1995}
}

@article{GarciaandMorshedi1986,
  author    = {C. E. Garcia and A. M. Morshedi},
  title     = {Quadratic Programming Solution of Dynamic Matrix Control (QDMC)},
  journal   = {Chem. Eng. Comm.},
  volume    = {46},
  pages     = {73--87},
  year      = {1986}
}

@article{Garciaetal1989,
  author    = {C. E. Garcia and D. M. Prett and M. Morari},
  title     = {Model Predictive Control: Theory and Practice - a Survey},
  journal   = {Automatica},
  volume    = {25},
  number    = {3},
  pages     = {335--348},
  year      = {1989}
}


@article{Geetal2002,
  author    = {M. Ge andM.-S. Chiu and Q.-G. Wang},
  title     = {Robust PID controller design via LMI approach},
  journal   = {Journal of Process Control},
  volume    = {12},
  pages     = {3--13},
  year      = {2002}
}

@Book{GoodwinandSin1984,
  author    = {G. C. Goodwin and K. s. Sin},
  title     = {Adaptive Filtering, Prediction and Control},
  publisher = {Prentice Hall},
  year      = {1984}
}

@Article{Gonzalezetal2008,
  author    = {H. A. Gonz'alez and E. J. Adam and J. L. Marchetti},
  title     = {Conditions for Offset Elimination in State Space Receding Horizon Controllers: A Tutorial Analysis},
  journal   = {Chemical Engineering and Processing},
  volume    = {47},
  pages     = {2184--2194},
  year      = {2008}
}


@Article{Gonzalezetal2011a,
  author    = {H. A. Gonz\'alez and E. J. Adam and M.G. Marcovecchio and D. Odloak},
  title     = {Stable MPC for tracking with maximal domain of attraction},
  journal   = {Journal of Process Control},
  volume    = {ISSN 0959-1524, 21},
  pages     = {573--584},
  year      = {2011}
}

@Article{Gonzalezetal2011b,
  author    = {H. A. Gonz\'alez and E. J. Adam and M.G. Marcovecchio and D. Odloak},
  title     = {Application of IHMPC to an unstable reactor system: Study of feasibility and performance},
  journal   = {Journal of Process Control},
  volume    = {ISSN 0959-1524, 21},
  pages     = {1493-1503},
  year      = {2011}
}


@Article{Hagglund1996,
  author    = {T. H\"{a}gglund},
  title     = {An Industrial Dead-Time Compensating PI Controller},
  journal   = {Control Eng. Practice},
  volume    = {4},
  number    = {6},
  pages     = {749--756},
  year      = {1996}
}

@Book{Harriott1964,
  author    = {P. Harriott},
  title     = {Process Control},
  publisher = {McGraw - Hill Book Company},
  year      = {1964}
}

@Book{Hutchinson1976,
  author    = {J. W. Hutchinson},
  title     = {ISA Handbook of Control Valves},
  publisher = {Instrument Society of America, Pittsburgh},
  edition   = {2dn},
  year      = {1976}
}

@Article{Hurwitz1895,
  author    = {A. Hurwitz},
  title     = {On the Conditions under which an Equation has only Roots with Negative Real Parts},
  journal   = {Mathematische Annalen},
  volume    = {46},
  pages     = {273--284},
  year      = {1895}
}

@Book{Isermann1981,
  author    = {R. Isermann},
  title     = {Digital Control Systems},
  publisher = {Springer-Verlag New York},
  year      = {1981}
}

@Article{ IwasakiandSkelton1994,
   author = {T. Iwasaki and R. E. Skelton},
   title = {All Controllers for General Hinf Control Problem: LMI Existence Conditions and State Space},
   journal = {Automatica},
   volume = {30},
   pages = {1307--1317},
   year = {1994}
}

@Book{Kallen1961,
  author    = {H. P. Kallen},
  title     = {Handbook of Instrumentation and Control},
  publisher = {McGraw Hill},
  year      = {1961}
}


@Article{Kalman1960,
  author    = {R. E. Kalman},
  title     = {Contribution to the Theory of Optimal Control},
  journal   = {Bol. Soc. Mat. Mex.},
  volume    = {5},
  pages     = {102--119},
  year      = {1960}
}

@Book{Kaplan1986,
   author = {W. Kaplan},
   title = {Matem\'{a}ticas Avanzadas para Estudiantes de Ingenier\'{i}a},
   publisher = {Addison - Wesley, Iberoamericana, Wilmmgton},
   year = {1986}
}

@Article{Khotareetal1994,
  author    = {M. Khotare and P. Campo and M. Morari and K. Nett},
  title     = {A Unified Frammework for the Study of Anti-winup design},
  journal   = {Automatica},
  volume    = {30},
  number    = {12},
  pages     = {1869--1833},
  year      = {1994}
}

@Article{Khotareetal1996,
  author    = {M. Khotare and V. Balakrishman and M. Morari},
  title     = {Robust Constrained Model Predictive Control Using Linear Matrix Inequalities},
  journal   = {Automatica},
  volume    = {32},
  number    = {10},
  pages     = {1361--1379},
  year      = {1996}
}

@Article{Kneisel1948,
   author = {O. Kneisel},
   title = {Liquid Flow Characteristics of Pipeline and Control Valve},
   journal = {Petroleum Refiner},
   volume = {28},
   month  = {october},
   pages = {},
   year = {1948}
}

@Book{Kuo1995,
   author = {B. C. Kuo},
   title = {Automatic Control Systems},
   publisher = {Prentice Hall},
   year = {1995}
}

@Book{Levine1996,
   author = {W. S. Levine},
   title = {The Control Handbook},
   publisher = {CRC Press IEEE Press},
   year = {1996}
}

@Article{Lietal1989,
  author    = {S. Li and K. Y. LIm and D. G. Fisher},
  title     = {A State Space Formulation for Model Predictive Control},
  journal   = {AIChE J.},
  volume    = {35},
  number    = {2},
  pages     = {241--249},
  year      = {1989}
}

@Article{LiandMathias2000,
  author    = {C. K. Li and R. Mathias},
  title     = {External Characterization of the Schur Complement and Resulting Inequalities},
  journal   = {SIAM - Review},
  volume    = {42},
  number    = {2},
  pages     = {233--246},
  year      = {2000}
}

@Article{Liptak1983,
  author    = {B. G. Lipt\'ak},
  title     = {Control Valves in Optimized Systems},
  journal   = {Chemical Engineering},
  volume    = {90},
  number    = {Sep.},
  pages     = {104--110},
  year      = {1983}
}

@Book{LiptakandVenczelvol12000,
   author = {B. G. Lipt'ak and K. Venczel},
   title = {Intrument Engineers'  Handbook},
   volume = {1},
   publisher = {Chilton Book Company},
   year = {2000}
}

@Book{LiptakandVenczelvol22000,
   author = {B. G. Lipt'ak and K. Venczel},
   title = {Intrument Engineers'  Handbook},
   volume = {2},
   publisher = {Chilton Book Company},
   year = {2000}
}

@Book{Liptak2003,
   author = {B. G. Lipt\'ak},
   title = {Process Measurement and Analysis},
   publisher = {CRC Press},
   year = {2003}
}


@Book{Ljung1998,
   author = {L. Ljung},
   title = {System Identification. Theory for User},
   publisher = {Prentice Hall},
   edition = {2nd},
   year = {1998}
}


@Article{Lopezetal1967,
  author    = {A. M. Lopez and P. W. Murrill and C. L. Smith},
  title     = {Controller Tuning Relationships Based on Integral Performance Criteria},
  journal   = {Instrumentation Technology},
  volume    = {57},
  mounth    = {November},
  year      = {1967}
}

@Article{Lovett1964,
  author    = {O. P. Lovett},
  title     = {Valve Flow Characteristics},
  journal   = {ISA Journal},
  volume    = {11},
  pages    = {65--67},
  year      = {1964}
}

@Book{Luyben1973,
  author    = {W. L. Luyben},
  title     = {Process Modeling, Simulation and Control for Chemical Engineers},
  publisher = {Prentice Hall},
  year      = {1973}
}

@Article{Luyben1986,
  author    = {W. L. Luyben},
  title     = {Simple Method for Tuning SISO Controllers in Multivariable Systems},
  journal   = {Ind. Eng. Chem. Process Des.},
  volume    = {25},
    pages   = {654--660},
  year      = {1986}
}

@Article{Luyben1996,
  author    = {W. L. Luyben},
  title     = {Tuning Proportional-Integral-Derivative Controllers for Integrator/Deadtime Processes},
  journal   = {Ind. Eng. Chem. Res.},
  volume    = {35},
  pages   = {3480--3483},
  year      = {1996}
}

@Book{Maciejowski2002,
   author = {J. M. Maciejowski},
   title = {Predictive Control with Constraints},
   publisher = {Prentice Hall Inc.},
   year = {2002}
}

@Book{MacMillanandConsidine1999,
   author = {G. K. McMillan and D. M. Considine},
   title = {Process/Industrial Instrument and Control Handbook},
   publisher = {McGraw Hill},
   edition={5th.},
   year = {1999}
}


@InProceedings{MaderandMorari2007,
  author    = {U. Mader and M. Morari},
  title     = {Offset – Free Reference Tracking for Predictive Controllers},
  booktitle = {IEEE Conference on Decision and Control},
  address   = {New Orleans, USA},
  month     = {December},
  year      = {2008}
}

@Article{MatausekandSekara2011,
  author    = {M. R. Matausek and T. B. Sekara},
  title     = {PID controller frequency-domain tuning for stable, integrating and unstable  processes, including dead-time},
  journal   = {Journal of Process Control},
  volume    = {21},
  pages     = {17--27},
  year      = {2011}
}

@Article{Mayne1973,
  author    = {D. Q. Mayne},
  title     = {The Design of Linear Multivariable Systems},
  journal   = {Automatica},
  volume    = {9},
  pages     = {201--207},
  year      = {1973}
}

@Article{McAvoy1979,
  author    = {T. J. McAvoy},
  title     = {Steady-State Decoupling Distillation Columns},
  journal   = {IEC Fund.},
  volume    = {18},
  pages   = {269--},
  year      = {1979}
}

@Article{McAvoy1981,
  author    = {T. J. McAvoy},
  title     = {Conection Between Relative Gain and Control Loop Stability and Design},
  journal   = {AIChE J.},
  volume    = {27},
  pages   = {613--},
  year      = {1981}
}

@Article{Monicaetal1988,
  author    = {T. J. Monica and C. Yu and W. L. Luyben},
  title     = {Improved Multiloop Simgle-Input/Single-Output (SISO) Controllers for Multivariable Processes},
  journal   = {Ind. Eng. Chem. Res.},
  volume    = {27},
  pages     = {969--973},
  year      = {1988}
}


@Book{MorariandZafiriou1989,
   author = {M. Morari and E. Zafiriou},
   title = {Robust Process Control},
   publisher = {Prentice Hall},
   year = {1989}
}

@InProceedings {MPT3,
    author={M. Herceg and M. Kvasnica and C.N. Jones and M. Morari},
    title={{Multi-Parametric Toolbox 3.0}},
    booktitle={Proc.~of the European Control Conference},
    year={2013},
    address={Z\"urich, Switzerland},
    month={July 17--19},
    pages = {502--510},
    note = {\url{http://control.ee.ethz.ch/~mpt}}
}

@Article{MuskeandBadwell2002,
  author    = {K. R. Muske and T. A. Badgwell},
  title     = {Disturbance Modeling for Offset – Free Linear Model Predictive Control},
  journal   = {Journal of Precess Control},
  volume    = {12},
  pages     = {617--632},
  year      = {2002}
}


@Article{Nyquist1928,
	author = {H. Nyquist},
	title = {Certain Topics in Telegraph Transmission Theory},
	journal = {Transactions of the A.I.E.E.},
	volume = {47},
	pages = {617--644},
	year = {1928}
}


@Article{Nyquist1932,
   author = {H. Nyquist},
   title = {Regeneration Theory},
   journal = {Bell System Tech. J.},
   volume = {11},
   pages = {126--147},
   year = {1932}
}

@Article{Niederlinski1971,
	author = {A. Niederlinski},
	title = {A heuristic Approach to the design of linear interacting control systems},
	journal = {Automatica},
	volume = {7},
	pages = {691--701},
	year = {1971}
}

@Book{Ogatta1997,
  author    = {K. Ogatta},
  title     = {Modern Control Engineering},
  publisher = {Prentice Hall},
  year      = {1997}
}

@Book{Ogatta1995,
	author    = {K. Ogatta},
	title     = {Discrete-Time Control Systems},
	publisher = {Prentice Hall},
	year      = {1995}
}


@Article{PadulaandVisioli2011,
   author = {F. Padula and A. Visioli},
   title = {Tuning rules for optimal PID and fractional-order PID controllers},
   journal = {Journal of Process Control},
   volume = {21},
   pages = {69--81},
   year = {2011}
}

@Article{PannochiaandRawlings2003,
   author = {G. Pannochia and J.B. Rawlings},
   title = {Disturbance models for offset-free model-predictive control},
   journal = {AIChE J.},
   volume = {49},
   pages = {426--437},
   year = {2003}
}


@Article{ ParkandRhee2001,
   author = {M. J. Park and H. K. Rhee},
   title = {LMI-Based Robust Model Predictive Control for a Continuous MMA Polymerization Reactor},
   journal = {Computer and Chemical Engineering},
   volume = {25},
   pages = {1513--1520},
   year = {2001}
}

@Book{RautenbergandDattellis2004,
  author    = {C. N. Rautenberg and C. E. D\textquoteright Attellis},
  title     = {Control Lineal Avanzado y Control 'Optimo},
  publisher = {Asociación Argentina de Control Automático (AADECA)},
  year      = {2004}
}

@Article{RawMay:2009,
   author = {Raw and May},
   title = {},
   journal = {},
   volume = {},
   pages = {},
   year = {2009}
}

@Book{Reichlin2013,
  author    = {L. F. Reichlin},
  title     = {Control 2.6.2. Computer-Aided Control System Design (CACSD) Tools for GNU Octave},
  publisher = {},
  volumen   = {},
  edition   = {},
  year      = {2014}
}


@Book{RichardsonandPeacock1994,
  author    = {J. F. Richardson and D. G. Peacock},
  title     = {Coulsond and Richardson's Chemical Engineering. Chemical and Biochemical Reaction Engineering, and Control},
  publisher = {Butterworth-Heinemann An imprint of Elsevier Science},
  volumen   = {3},
  edition   = {3rd.},
  year      = {1994}
}


@Article{RodriguesandOdloak2003,
   author = {M.A. Rodrigues and D. Odloak},
   title = {MPC for Stable Linear Systems with Model Uncertainty},
   journal = {},
   volume = {39},
   pages = {569--583},
   year = {2009}
}

@Book{RodriguezandLopez,
  author    = {F. Rodr\'iguez Rubio and M. J. L\'opez S\'anchez},
  title     = {Control Adaptativo y Robusto},
  publisher = {Secretariado de Publicaciones de la Universidad de Sevilla},
  volumen   = {},
  edition   = {},
  year      = {1996}
}


@Article{Romeroetal2011,
   author = {J. A. Romero and R. Sanchis and P. Balaguer},
   title = {PI and PID auto-tuning procedure based on simplified single parameter optimization},
   journal = {Journal of Process Control},
   volume = {21},
   pages = {840--851},
   year = {2011}
}

@Article{RouhaniandMehra1982,
   author = {R. Rouhani and R. K. Mehra},
   title = {Model Algorithmic Control (MAC): Basic Theoretical Properties},
   journal = {Automatica},
   volume = {18},
   pages = {401--414},
   year = {1982}
}


@Book{Routh1892,
  author    = {E. J. Routh},
  title     = {Dynamic of a System of Rigid Bodies},
  publisher = {Process Dynamic and Control},
  year      = {1892}
}

@Book{Rovira1981,
  author    = {A. A. Rovira},
  title     = {Control Algorithm Tuning, and Adaptive Gain Tuning in Process Control},
  publisher = {PhD Dissertation, Department of Chemical Engineering, Louisiana State University, Baton Rouge},
  year      = {1981}
}

@Book{Sanchez2006,
   author = {J. Acedo S'anchez},
   title = {Instrumentaci'on y Control Avanzado de Procesos},
   publisher = {Ediciones D'iaz Santos},
   year = {2006}
}

@Book{Seborgetal1989,
   author = {D. E. Seborg and T. F. Edgar and D. A. Mellichamp},
   title = {Process Dynamic and Control},
   publisher = {John Wiley \& Sons},
   year = {1989}
}


@Article{Shannon1949,
	author = {C. Shannon},
	title = {Communication in the Presence of Noise},
	journal = {Proceedings of the IRE},
	volume = {37},
	number = {1},
	pages = {10--21},
	year = {1949}
}


@Article{ShiandGao2006,
   author = {P. O. M. Scokaert and J. B. Rawlings and E. S. Meadows},
   title  = {Robust iterative learning control design for batch processes with uncertain perturbations and inicializations},
   journal= {AIChE J.},
   volume = {S2},
   pages  = {2171--2187},
   year   = {2006}
}

@Book{Shinskey1967,
   author = {F. D. Shinskey},
   title = {Process Control Systems.  Aplication, Design Adjustment},
   publisher = {McGraw - Hill Book Company},
   year = {1967}
}

@Book{Shinskey1996,
   author = {F. D. Shinskey},
   title = {Sistemas de Control de Procesos.  Aplicación, Diseño y Sintonización},
   publisher = {McGraw - Hill Book Company},
   year = {1996}
}

@Article{ShamsuzzohaandSkogestad2006,
   author = {M. Shamsuzzoha and S. Skogestad},
   title  = {The setpoint overshoot method: A simple and fast closed-loop approach for PID tuning},
   journal = {Journal of Process Control},
   volume  = {20},
   pages = {1220--1234},
   year = {2010}
}

@Book{SkogestadandPostlethewaite1996,
   author = {S. Skogestad and J. Postlethewaite},
   title = {Multivariable Feedback Control},
   publisher = {NY: Wiley},
   year = {1996}
}


@article{MIC-1997-3-1,
  title={{Dynamics and Control of Distillation Columns - A Critical Survey}},
  author={Skogestad, Sigurd},
  journal={Modeling, Identification and Control},
  volume={18},
  number={3},
  pages={177--217},
  year={1997},
  doi={10.4173/mic.1997.3.1},
  publisher={Norwegian Society of Automatic Control}
};


@Book{Smith1972,
   author = {C. L. Smith},
   title = {Digital Computer Process Control},
   publisher = {Scranton, Pa., US, International Textbook Co.},
   year = {1972}
}


@Article{Smith1957,
   author = {O. J. M. Smith},
   title = {Closer Control of Loops with Dead Time},
   journal = {Chem. Eng. Prog.},
   volume = {53},
   pages = {217--},
   year = {1957}
}

@Book{SmithandCorripio2004,
   author = {C. Smith and A. Corripio},
   title = {Prenciples and Practice of Automatic Process Control},
   publisher = {Wiley},
   year = {2004}
}

@Book{Soloman1999,
   author = {S. Soloman},
   title = {Sensor Handbook},
   publisher = {McGraw-Hill, New York},
   year = {1999}
}

@Book{ Sontag1990,
   author = {E. D. Sontag},
   title = {Mathematical Control Theory. Deterministic Finite Dimensional System},
   publisher = {Springer - Verlag},
   year = {1990}
}

@Book{ Spiegel1971,
   author = {M. R. Spiegel},
   title = {Transformadas de Laplace},
   publisher = {McGraw Hill. Serie Schaum},
   year = {1971}
}

@Book{ Stephanopoulos1984,
   author = {G. Stephanopoulos},
   title = {Chemical Process Control},
   publisher = {Prentice Hall},
   year = {1984}
}


@Article{SuplinandShaked2008,
   author = {V. Suplin and U. Shaked},
   title = {Output-Feedback Control of System with Time Delay},
   journal = {System and Control Letter},
   volume = {57},
   pages = {193--199},
   year = {2008}
}

@Book{SysBrain2004,
   author = {SysBrain Ltd.},
   title = {User’s Manual. Reference of the Geometric Bounding Toolbox. Version 7.3},
   edition= {},
   publisher = {SysBrain Ltd., Southampton, UK},
   year = {2004}
}

@Book{SzklannyandBehrends1994,
   author = {S. Szklanny and C. Behrends},
   title = {Sistemas Digitales de Control de Procesos},
   edition= {2nd.},
   publisher = {Editorial Control S.R.L.},
   year = {1994}
}

@Article{Tanetal2002,
   author  = {W. Tan and H. J. Marquez and T. Chen},
   title   = {Multivariable Robust Controller Design for a Boiler System},
   journal = {IEEE Transaction on Control Systems Technology},
   volume  = {10},
   number  = {5},
   pages   = {735--742},
   year    = {2002}
}

@Article{TyreusandLuyben1992,
   author  = {B. D. Tyreus and W. L. Luyben},
   title   = {Tuning PI Controllers for Integrator/Dead Time Processes},
   journal = {Ind. Eng.Chem. Res.},
   volume  = {31},
   pages   = {2625--2628},
   year    = {1992}
}

@Article{VinanteLuyben1972,
	author = {C. D. Vinante and W. L. Luyben},
	title = {Experimental studies of destillation decoupling},
	journal = {Kem. Teollisuus},
	volume = {29},
	pages = {499--},
	year = {1972}
}


@Article{WoodandBerry1973,
   author = {R. K. Wood and M. W. Berry},
   title = {Terminal Composition Control of a Binary Distillation Column},
   journal = {Chem. Eng. Sci.},
   volume = {28},
   pages = {1707--1717},
   year = {1973}
}


@Article{ wu2001,
   author = {F. Wu},
   title = {LMI-Based Robust Model Predictive Control and Its Application to an Industrial CSTR Problem},
   journal = {Journal of Process Control},
   volume = {11},
   pages = {649--659},
   year = {2001}
}



@Article{ ZieglerandNichols1942,
   author = {J. G. Ziegler and N. B. Nichols},
   title = {Optimum Settings for Automatic Controllers},
   journal = {Trans. ASME},
   volume = {64},
   number = {11},
   pages = {759--768},
   year = {1942}
}




